<collection xmlns="http://www.loc.gov/MARC21/slim">
<record>
  <leader>01672nam0a2200289 i 450 </leader>
  <controlfield tag="001">IT\ICCU\CNCE\069220</controlfield>
  <controlfield tag="005">20171204000000.0</controlfield>
  <datafield tag="012" ind1=" " ind2=" ">
    <subfield code="a">a;ra o.he a,re tela (C) 1575 (Q)</subfield>
    <subfield code="2">fei</subfield>
  </datafield>
  <datafield tag="100" ind1=" " ind2=" ">
    <subfield code="a">20061219f1575        0itac0103    ba</subfield>
  </datafield>
  <datafield tag="101" ind1=" " ind2=" ">
    <subfield code="a">ITA</subfield>
    <subfield code="a">LAT</subfield>
  </datafield>
  <datafield tag="102" ind1=" " ind2=" ">
    <subfield code="a">IT</subfield>
  </datafield>
  <datafield tag="200" ind1="1" ind2=" ">
    <subfield code="a">Prouisione per la quale si proibisce il giuocare a qual si vogli giuoco in scritte, in pegni, o a credenza: sotto graui pene pecuniarie, e d&apos;honore. Fatta, e stabilita per s.a. per partito de mag. consiglieri della republica fiorentina, il d 24 di dicembre, 1569. Gouernante l&apos;illustriss. &amp; eccell. sig. don Francesco Medici prencipe di Toscana. Nuouamente ristampata</subfield>
  </datafield>
  <datafield tag="210" ind1=" " ind2=" ">
    <subfield code="a">In Firenze</subfield>
    <subfield code="c">appresso Giorgio Marescotti</subfield>
    <subfield code="d">\1575?!</subfield>
  </datafield>
  <datafield tag="215" ind1=" " ind2=" ">
    <subfield code="a">\4! c.</subfield>
    <subfield code="d">4ʻ</subfield>
  </datafield>
  <datafield tag="300" ind1=" " ind2=" ">
    <subfield code="a">Per la data cfr.: Leggi e bandi del periodo mediceo posseduti dalla Biblioteca Nazionale Centrale di Firenze. I. 1534-1600. A cura di Gustavo Bertoli, n. 277.3</subfield>
  </datafield>
  <datafield tag="620" ind1=" " ind2=" ">
    <subfield code="a">IT</subfield>
    <subfield code="d">Firenze</subfield>
  </datafield>
  <datafield tag="710" ind1="0" ind2="2">
    <subfield code="a">Toscana</subfield>
    <subfield code="c"> &lt;Granducato&gt;</subfield>
    <subfield code="3">8042</subfield>
  </datafield>
  <datafield tag="712" ind1="0" ind2="2">
    <subfield code="a">Firenze</subfield>
    <subfield code="c"> &lt;Ducato&gt;</subfield>
    <subfield code="b"> : Magistrato supremo</subfield>
    <subfield code="3">IT\ICCU\CNCA\026840</subfield>
  </datafield>
  <datafield tag="712" ind1="0" ind2="0">
    <subfield code="a">Marescotti, Giorgio</subfield>
    <subfield code="3">IT\ICCU\CNCT\000049</subfield>
    <subfield code="4">650</subfield>
  </datafield>
  <datafield tag="791" ind1="0" ind2="0">
    <subfield code="a">Mariscotti, Giorgio</subfield>
    <subfield code="3">IT\ICCU\CNCT\005030</subfield>
    <subfield code="z">Marescotti, Giorgio</subfield>
  </datafield>
  <datafield tag="791" ind1="0" ind2="0">
    <subfield code="a">Marescottus, Georgius</subfield>
    <subfield code="3">IT\ICCU\CNCT\005031</subfield>
    <subfield code="z">Marescotti, Giorgio</subfield>
  </datafield>
  <datafield tag="791" ind1="0" ind2="0">
    <subfield code="a">Marescotus, Georgius</subfield>
    <subfield code="3">IT\ICCU\CNCT\005032</subfield>
    <subfield code="z">Marescotti, Giorgio</subfield>
  </datafield>
  <datafield tag="801" ind1=" " ind2="3">
    <subfield code="a">IT</subfield>
    <subfield code="b">ICCU</subfield>
    <subfield code="c">20201115</subfield>
  </datafield>
  <datafield tag="899" ind1=" " ind2=" ">
    <subfield code="a">Biblioteca nazionale centrale. Firenze</subfield>
    <subfield code="1">FI0098</subfield>
    <subfield code="2">CFI CF</subfield>
  </datafield>
  <datafield tag="899" ind1=" " ind2=" ">
    <subfield code="a">Biblioteca delle Oblate. Firenze</subfield>
    <subfield code="1">FI0104</subfield>
    <subfield code="2">RT1 AA</subfield>
  </datafield>
  <datafield tag="911" ind1=" " ind2=" ">
    <subfield code="a">Sul front.</subfield>
    <subfield code="9">IT\ICCU\CNCM\001672</subfield>
  </datafield>
  <datafield tag="921" ind1=" " ind2=" ">
    <subfield code="a">IT\ICCU\CNCM\001672</subfield>
    <subfield code="b">Stemma dei Medici sormontato da corona.</subfield>
    <subfield code="c">Z1143</subfield>
    <subfield code="f">STEMMA</subfield>
    <subfield code="f">CORONA</subfield>
    <subfield code="g">1574-1599</subfield>
  </datafield>
</record>
</collection>
